@misc{website:project-description,
    author = "Lars Arvestad",
    title = "Project proposal: Predicting signal peptides",
    month = "October",
    year = "2016",
    url = "https://www.kth.se/social/course/DD2404/subgroup/ht-2016-appbio16/page/predicting-signal-peptides-3/"
},

@misc{website:ensembl,
    author = "Ensembl",
    title = "Ensembl Biomart",
    month = "December",
    year = "2016",
    url = "http://www.ensembl.org/biomart/martview/622e15a002f224d1bc2b6b318eb1b2a4"
},

@misc{website:ghr,
    author = "U.S National Library of Medicine",
    title = "What are proteins and what do they do?",
    month = "Januar",
    year = "2017",
    url = "https://ghr.nlm.nih.gov/primer/howgeneswork/protein"
},

@article{stafford,
    author    = "William Stafford Noble",
    title     = "A Quick Guide to Organizing Computational Biology Projects",
    journal   = "PLoS Comput Biol",
    volume    = "5(7)",
    number    = "e1000424",
    year      = "2009",
    month     = "July",
}
